<record><leader>00000cas a2200000 a 4500</leader><controlfield tag="001">2266886</controlfield><controlfield tag="008">760620c18299999meuwr ne      0   a0eng  </controlfield><datafield ind1=" " ind2=" " tag="010"><subfield code="a">sn 78000873 </subfield></datafield><datafield ind1=" " ind2=" " tag="040"><subfield code="a">DLC</subfield><subfield code="b">eng</subfield><subfield code="c">PIT</subfield><subfield code="d">COO</subfield><subfield code="d">NSD</subfield><subfield code="d">DLC</subfield><subfield code="d">NPX</subfield><subfield code="d">NPU</subfield><subfield code="d">DLC</subfield><subfield code="d">NPH</subfield><subfield code="d">YOX</subfield><subfield code="d">MGN</subfield><subfield code="d">MBN</subfield><subfield code="d">OCL</subfield><subfield code="d">OCLCG</subfield><subfield code="d">DLC</subfield><subfield code="d">OCLCQ</subfield><subfield code="d">OCLCO</subfield><subfield code="d">OCLCF</subfield><subfield code="d">CUS</subfield></datafield><datafield ind1=" " ind2=" " tag="012"><subfield code="k">1</subfield><subfield code="l">1</subfield><subfield code="m">1</subfield></datafield><datafield ind1="1" ind2=" " tag="022"><subfield code="a">0034-5075</subfield><subfield code="l">0034-5075</subfield><subfield code="2">1</subfield></datafield><datafield ind1=" " ind2=" " tag="032"><subfield code="a">462340</subfield><subfield code="b">USPS</subfield></datafield><datafield ind1=" " ind2=" " tag="037"><subfield code="b">4 Main St., Belfast, ME 04915-0327</subfield></datafield><datafield ind1=" " ind2=" " tag="042"><subfield code="a">nsdp</subfield><subfield code="a">pcc</subfield></datafield><datafield ind1=" " ind2=" " tag="043"><subfield code="a">n-us-me</subfield></datafield><datafield ind1="0" ind2="0" tag="050"><subfield code="a">Newspaper</subfield></datafield><datafield ind1="1" ind2="4" tag="050"><subfield code="a">AN</subfield></datafield><datafield ind1="0" ind2=" " tag="130"><subfield code="a">Republican journal (Belfast, Me.)</subfield></datafield><datafield ind1=" " ind2="4" tag="222"><subfield code="a">The Republican journal</subfield></datafield><datafield ind1="1" ind2="4" tag="245"><subfield code="a">The Republican journal.</subfield></datafield><datafield ind1=" " ind2=" " tag="260"><subfield code="a">Belfast, Me. :</subfield><subfield code="b">White &amp; Rowe,</subfield><subfield code="c">1829-</subfield></datafield><datafield ind1=" " ind2=" " tag="300"><subfield code="a">volumes :</subfield><subfield code="b">illustrations ;</subfield><subfield code="c">54-70 cm</subfield></datafield><datafield ind1=" " ind2=" " tag="310"><subfield code="a">Weekly</subfield></datafield><datafield ind1=" " ind2=" " tag="336"><subfield code="a">text</subfield><subfield code="b">txt</subfield><subfield code="2">rdacontent</subfield></datafield><datafield ind1=" " ind2=" " tag="337"><subfield code="a">unmediated</subfield><subfield code="b">n</subfield><subfield code="2">rdamedia</subfield></datafield><datafield ind1=" " ind2=" " tag="338"><subfield code="a">volume</subfield><subfield code="b">nc</subfield><subfield code="2">rdacarrier</subfield></datafield><datafield ind1="0" ind2=" " tag="362"><subfield code="a">Vol. 1, no. 1 (Feb. 6, 1829)-</subfield></datafield><datafield ind1=" " ind2=" " tag="500"><subfield code="a">Publishers: Rowe &amp; Griffin, Feb. 1841-Oct. 1843; G.C. &amp; B. Griffin, Oct. 1843-1846; Rowe &amp; Griffin, 1846-Jan. 1849; George B. Moore &amp; Co., Jan. 1849-&lt;0ct. 1849&gt;; Wing &amp; Moore, &lt;May 1851-Apr. 1853&gt;; Geo. B. Moore, &lt;May 1853-1855&gt;; Moore &amp; Dickerson, &lt;1856&gt;-May 1858; William H. Simpson, May 1858-&lt;Sept. 1876&gt;.</subfield></datafield><datafield ind1=" " ind2=" " tag="500"><subfield code="a">Illustrations: Oct. 3, 1845, Cacao tree, Fruit of the cacao tree; July 6, 1849, Rice plant, Pitcher plant, Melon.</subfield></datafield><datafield ind1=" " ind2=" " tag="500"><subfield code="a">Editors: B. Griffin, 1843-1849; G.B. Moore, 1849-1861; W.H. Simpson, &lt;1872&gt;.</subfield></datafield><datafield ind1=" " ind2=" " tag="500"><subfield code="a">Independent.</subfield></datafield><datafield ind1=" " ind2=" " tag="515"><subfield code="a">Suspended Dec. 2, 1864-July 20, 1866.</subfield></datafield><datafield ind1=" " ind2=" " tag="530"><subfield code="a">Also issued on microfilm from the Library of Congress, Photoduplication Service.</subfield></datafield><datafield ind1=" " ind2="0" tag="651"><subfield code="a">Belfast (Me.)</subfield><subfield code="v">Newspapers.</subfield></datafield><datafield ind1=" " ind2="7" tag="651"><subfield code="a">Maine</subfield><subfield code="z">Belfast.</subfield><subfield code="2">fast</subfield><subfield code="0">(OCoLC)fst01223538</subfield></datafield><datafield ind1=" " ind2="7" tag="655"><subfield code="a">Newspapers.</subfield><subfield code="2">fast</subfield><subfield code="0">(OCoLC)fst01423814</subfield></datafield><datafield ind1="1" ind2=" " tag="700"><subfield code="a">Griffin, Benjamin,</subfield><subfield code="d">-1874.</subfield></datafield><datafield ind1="1" ind2=" " tag="700"><subfield code="a">Moore, George B.,</subfield><subfield code="d">1826-1864.</subfield></datafield><datafield ind1="1" ind2=" " tag="700"><subfield code="a">Simpson, William H.,</subfield><subfield code="d">1825-1882.</subfield></datafield><datafield ind1=" " ind2=" " tag="752"><subfield code="a">United States</subfield><subfield code="b">Maine</subfield><subfield code="c">Waldo</subfield><subfield code="d">Belfast.</subfield></datafield><datafield ind1="0" ind2="0" tag="780"><subfield code="t">Waldo Democrat</subfield><subfield code="w">(DLC)sn 82014461</subfield><subfield code="w">(OCoLC)8786337</subfield></datafield><datafield ind1=" " ind2=" " tag="936"><subfield code="a">Unknown</subfield><subfield code="a">July 6, 1978</subfield></datafield><datafield ind1="1" ind2=" " tag="029"><subfield code="a">AU@</subfield><subfield code="b">000025818740</subfield></datafield></record>